@book{joelixC,
  author    = "Clelia Albrecht and Felix Boes and Johannes Holke",
  title     = "{C}-{P}rogrammierkurs f√ºr {F}ortgeschrittene",
  publisher = "selfpublished",
  year      = 2017,
  mon       = apr
}

@book{LottPython,
  author    = "Steven F. Lott",
  title     = "{B}uilding {S}kills in {P}ython -- {R}elease 2.6.5",
  publisher = "selfpublished",
  year      = "April 2010",
}

@misc{PythonWebseite,
  author    = {{Python Software Foundation}},
  title     = "{T}he {P}ython {L}anguage",
  howpublished = {\url{https://www.python.org/downloads/}},
}

@misc{Python2,
  author    = {{Python Software Foundation}},
  title     = "{T}he {P}ython {L}anguage {R}eference {V}ersion 2.7.13",
  howpublished = {\url{https://docs.python.org/2.7/reference/}}
}

@misc{Python3,
  author    = {{Python Software Foundation}},
  title     = "{T}he {P}ython {L}anguage {R}eference {V}ersion 3.6.0",
  howpublished = {\url{https://docs.python.org/3.6/reference/}}
}

@misc{Munroe_python,
  author    = "Randall Munroe",
  title     = "Python",
  note      = {\url{https://xkcd.com/353/}},
}

@techreport{C99,
  type      = {Standard},
  key       = {ISO/IEC 9899:1999},
  month     = dec,
  year      = {1999},
  title     = {{Programming languages -- C}},
  institution = {International Organization for Standardization and International Electrotechnical Commission}
}

@Misc{pycharm,
  author    = "JetBrains",
  title     = "{P}y{C}harm 2016.3.2 {C}ommunity {E}dition",
  howpublished = {\url{https://www.jetbrains.com/pycharm/}},
  month     = dec,
  year      = 2016
}